@article{bazzocco:2014,
    author = {Bazzocco, Sarah and Alazzouzi, Hafid and Ruiz de Villa, M. Carme and Sanchez-Pla, Alex and Mariadason, John M. and Arango, Diego},
    title = {Genome-Wide Analysis of DNA Methylation in Colorectal Cancer},
    journal = {Submitted},
    year = {2013}
}

@inproceedings{Liu:2012,
    author = {Liu, Yihua and Qiu, Peng},
    title = {Integrative analysis of methylation and gene expression data in TCGA},
    booktitle = {IEEE International Workshop on Genomic Signal Processing and Statistics (GENSIPS)},
    year = {2012}
}

@manual{r-project,
    author = {{R Development Core Team}},
    title = {R: A language and environment for statistical computing},
    organization = {R Foundation for Statistical Computing},
    address = {Vienna, Austria},
    year = {2005},
    note = {Reference index version 2.14.0, ISBN 3-900051-07-0, \url{http://www.R-project.org}}
}

@techreport{racine:2012,
    author = {Racine, Jeffrey},
    title = {A primer on regression splines},
    institution = {The Comprehensive R Archive Network (CRAN)},
    year = {2012},
    url = {http://cran.r-project.org/web/packages/crs/vignettes/spline_primer.pdf}
}
